1659 2890
494 140 1086 210 PRAEFATIO.

84 278 199 330 dam
238 270 519 336 existimaui,
568 286 623 323 vt
662 288 723 322 eo
766 269 938 323 melius
973 271 1069 322 fiue
1110 270 1239 338 patri
1270 269 1490 337 familiam,

82 413 180 466 fine
220 406 419 460 medico
461 421 645 474 pateat,
686 403 1009 456 sufficientem
1048 401 1246 470 plantae
1288 403 1490 473 copiam

80 545 131 596 in
170 542 311 596 Vsum
352 536 756 604 oeconomicum,
804 535 1080 601 medicum,
1126 535 1207 586 vel
1242 534 1489 606 aliumtili-

79 673 238 726 ber-ali
278 673 450 726 'manu
506 687 683 724 natura
743 667 1097 739 quaerentibus
1158 669 1337 721 offerat
1389 687 1486 722 nec

79 827 171 876 ne3
211 825 363 878 quam
401 806 471 857 ob
513 801 721 856 caussam
752 801 896 855 etiam
937 802 988 854 in
1031 799 1360 852 officinalibus
1398 782 1511 854 nos

75 960 192 994 men
241 909 704 1009 pharmaceuticum
753 934 961 1004 adposui
1010 937 1058 987 <Sc
1107 949 1301 1003 parte3‚
1361 952 1487 1005 quae

74 1077 320 1143 prostant,
359 1068 665 1123 enumeraui.

223 1209 431 1256 Praeter
496 1219 620 1254 vero
691 1203 775 1254 has
843 1202 1013 1271 plures
1083 1200 1247 1255 adhuc
1304 1204 1485 1254 restant

0 1364 2 1369 v
71 1339 274 1408 plantae
336 1355 363 1389 a
414 1336 632 1390 Floristis
692 1333 894 1402 nostrie,
961 1333 1091 1385 inter
1143 1351 1274 1404 quos
1323 1338 1484 1387 Knau-

74 1471 202 1523 thius
262 1473 311 1522 ἃ
357 1467 697 1520 Buxbaumius
748 1467 993 1534 eminent,
1051 1484 1396 1535 enumeratae,
1457 1486 1484 1520 a

73 1622 154 1655 me
208 1602 440 1655 nondum
490 1601 543 1653 in
588 1601 709 1653 loco
757 1600 821 1653 ab
871 1599 964 1652 istis
1013 1599 1291 1666 fignificato
1353 1600 1482 1653 visae

74 1753 158 1789 aut
195 1735 457 1797 collecta&
511 1736 596 1787 has
631 1735 785 1802 igitur
826 1734 892 1786 ita
938 1733 1118 1784 Florae
1169 1735 1364 1785 nostrae
1413 1734 1479 1785 in-

74 1868 226 1936 serui,
278 1886 332 1922 vt
370 1886 535 1922 tamen
574 1868 771 1937 semper
812 1867 1039 1923 auctores
1077 1866 1210 1936 quasi
1250 1863 1390 1919 t'estes
1428 1866 1481 1918 in

73 2019 180 2053 rem
220 2001 528 2070 praesentem
561 2000 892 2067 aduocarem,
931 2017 960 2052 a·
999 1999 1181 2069 quibus
1215 2000 1478 2072 quondam

73 2134 366 2186 obser-natae
412 2133 568 2185 fuere.
647 2131 839 2185 Scilicet
878 2135 928 2185 ὃς
964 2131 1064 2184 aliis
1110 2133 1259 2198 haee,
1302 2132 1336 2184 fi
1381 2151 1481 2204 qua

72 2268 167 2334 est,
225 2266 541 2317 inuentamm
588 2281 757 2318 rerum
807 2264 971 2334 gloria
1020 2266 1086 2317 est
1136 2263 1479 2335 relinquenda.

71 2402 248 2471 Qare
298 2398 459 2464 agite,
515 2395 686 2464 amici,
750 2397 802 2449 in
851 2385 972 2450 haec
1025 2414 1321 2451 ornamenta
1372 2396 1480 2465 agri

68 2530 223 2583 nostri
263 2529 421 2598 magis
460 2527 721 2581 recondita
762 2528 1020 2601 inquirite,
1075 2533 1125 2583 ὅ(
1160 2531 1196 2585 fi
1232 2548 1361 2602 quae
1397 2529 1479 2581 de-

1351 2678 1476 2715 teXe·
