1659 2890
456 147 1060 223 PRAEFATIO.

55 291 241 357 florem
280 285 516 354 plantam,
548 296 686 333 extra
727 278 885 346 olea5‚
925 276 1066 348 quod
1106 276 1267 344 aiunt,
1315 292 1461 344 vaga-

56 425 165 488 bar,
204 433 387 487 tuaque
423 415 475 467 in
516 410 788 465 commoda
829 408 1220 462 enumerandam
1268 408 1319 461 in
1370 408 1463 461 hae

61 554 231 608 tabula
268 551 376 602 iure
413 545 695 613 meritoque
735 543 1011 596 censebam.

213 678 530 752 Systematice
578 693 705 729 vero
765 676 957 744 plantas
1006 671 1250 742 disposui,
1291 672 1463 744 sequu-

60 838 139 872 tus
171 815 368 870 sexnale
408 808 613 870 Linnaei
651 807 878 875 systema,
923 810 970 860 ὃ(
1019 805 1222 877 quidem
1271 822 1334 859 eo
1387 823 1466 858 or-

60 951 192 1017 dine,
235 964 339 1017 qno
380 944 433 996 in
475 941 668 993 decima
716 939 981 1007 systematis
1035 957 1239 992 naturae
1294 937 1466 990 editio·

59 1100 124 1135 ne
161 1093 349 1146 genera
389 1073 484 1126 sese
536 1072 755 1126 inuicem
806 1072 1088 1141 excipiunt,
1145 1071 1333 1143 quippe
1381 1069 1465 1140 qui

62 1214 127 1267 ad
187 1206 538 1264 examinandas
589 1209 638 1257 ὃ(
687 1204 1087 1258 determinandas
1147 1207 1336 1274 plantas
1394 1203 1466 1255 su-

62 1342 315 1417 pelleffilis
355 1339 499 1392 huius
549 1337 924 1391 absolutiffimae
972 1337 1141 1406 peritis
1195 1341 1243 1389 ὃ(
1296 1335 1468 1404 gnaris

66 1477 331 1549 aptiffimus
368 1472 569 1527 videtur
610 1474 658 1524 ἃ
698 1470 909 1524 maxime
942 1470 1255 1539 adaequatus,
1331 1471 1467 1522 Con·

63 1613 189 1666 cifos
251 1624 497 1677 generum
559 1604 866 1657 charaeteres
932 1620 1142 1673 eosque,
1223 1617 1465 1674 quantum

61 1743 171 1797 fieri
223 1740 417 1811 potuit,
479 1735 746 1790 effentiales
792 1734 989 1803 addidi,
1053 1754 1108 1790 vt
1156 1752 1344 1804 genera
1402 1752 1465 1786 eo

61 1874 234 1929 melius
284 1870 539 1926 familiaria
596 1851 873 1923 reddantut·
931 1870 1122 1939 plantas
1179 1868 1231 1920 in
1287 1866 1465 1919 nostris

63 2005 361 2076 regionibus
398 2000 621 2070 leeturis,
662 2006 712 2056 ὃ(
753 1969 1049 2072 opuseulum
1098 1997 1466 2068 cognoscendis

61 2140 242 2211 plantis
279 2137 331 2190 in
366 2134 746 2189 herbationibus
785 2135 1002 2188 sufficiat.

213 2273 366 2322 Secus
418 2266 672 2336 agendum
723 2267 991 2321 existimaui
1037 2267 1100 2320 de
1158 2262 1466 2335 synonymis,

63 2401 220 2456 Omifi
261 2402 390 2454 enim
438 2417 523 2467 ea,
577 2416 641 2453 ne
690 2399 825 2452 mole
872 2398 956 2453 sua
1000 2389 1152 2452 fiores
1200 2412 1466 2451 venantem

61 2551 316 2605 premeret
353 2532 560 2587 libellus,
672 2531 852 2601 Scripfi
891 2533 1022 2585 enim
1070 2530 1371 2601 potiffimum
1418 2543 1463 2578 a·

1329 2655 1465 2710 micis
